<?xml version="1.0" encoding="UTF-8"?><collection xmlns="http://www.loc.gov/MARC21/slim"><record><leader>00480nam--2200193-u-4500</leader><controlfield tag="001">000050767</controlfield><controlfield tag="002">20161230</controlfield><controlfield tag="005">20161230201048</controlfield><controlfield tag="008">080402s1000------------r-----000-0-eng-d</controlfield><datafield ind1=" " ind2=" " tag="020"><subfield code="a">0-12-644250-9</subfield></datafield><datafield ind1=" " ind2=" " tag="040"><subfield code="a">IFIN-HH</subfield></datafield><datafield ind1=" " ind2=" " tag="080"><subfield code="a">530.145</subfield></datafield><datafield ind1="1" ind2=" " tag="100"><subfield code="a">Simon,Barry</subfield></datafield><datafield ind1="1" ind2="0" tag="245"><subfield code="a">Functional Integration and Quantum Physics</subfield></datafield><datafield ind1=" " ind2=" " tag="260"><subfield code="a">New York</subfield><subfield code="b">Academic Press</subfield><subfield code="c">1979</subfield></datafield><datafield ind1=" " ind2=" " tag="300"><subfield code="a">296 p</subfield></datafield><datafield ind1=" " ind2="4" tag="650"><subfield code="a">Integration, Functional</subfield></datafield><datafield ind1=" " ind2=" " tag="852"><subfield code="c">51</subfield></datafield><datafield ind1=" " ind2=" " tag="CAT"><subfield code="a">Sys</subfield><subfield code="c">20080402</subfield><subfield code="h">091848</subfield></datafield></record></collection>